@inproceedings{rish2001empirical,
  title={An empirical study of the naive Bayes classifier},
  author={Rish, Irina and others},
  booktitle={IJCAI 2001 workshop on empirical methods in artificial intelligence},
  volume={3},
  number={22},
  pages={41--46},
  year={2001}
}
@inproceedings{lewis1998naive,
  title={Naive (Bayes) at forty: The independence assumption in information retrieval},
  author={Lewis, David D},
  booktitle={European conference on machine learning},
  pages={4--15},
  year={1998},
  organization={Springer}
}
@article{mukherjee2012intrusion,
  title={Intrusion detection using naive Bayes classifier with feature reduction},
  author={Mukherjee, Saurabh and Sharma, Neelam},
  journal={Procedia Technology},
  volume={4},
  pages={119--128},
  year={2012},
  publisher={Elsevier}
}
@article{BiauGerard2016Arfg,
issn = {1133-0686},
journal = {TEST},
pages = {197--227},
volume = {25},
publisher = {Springer Berlin Heidelberg},
number = {2},
year = {2016},
title = {A random forest guided tour},
language = {eng},
address = {Berlin/Heidelberg},
author = {Biau, Gérard and Scornet, Erwan},
keywords = {Random forests ; Randomization ; Resampling ; Parameter tuning ; Variable importance},
}
@book{SuthaharanShan2015MLMa,
series = {Integrated Series in Information Systems Ser},
volume = {36},
isbn = {9781489976413},
year = {2015},
title = {Machine Learning Models and Algorithms for Big Data Classification: Thinking with Examples for Effective Learning.},
language = {eng},
author = {Suthaharan, Shan},
keywords = {Management science},
}

@misc{randomBerkeley,
  title = {Random Forests},
  howpublished = {\url{https://www.stat.berkeley.edu/~breiman/RandomForests/cc_home.htm}},
  note = {Dostęp: 2020-04-07}
}
@misc{randomTowardsData,
  title = {An Implementation and Explanation of the Random Forest in Python},
  howpublished = {\url{https://towardsdatascience.com/an-implementation-and-explanation-of-the-random-\ forest-in-python-77bf308a9b76}},
  note = {Dostęp: 2020-04-10}
}
@misc{MOW,
title= {Materiały wykładowe do przedmiotu {M}etody {O}dkrywania {W}iedzy},
author={Cichosz, Paweł}
}