@inproceedings{rish2001empirical,
  title={An empirical study of the naive Bayes classifier},
  author={Rish, Irina and others},
  booktitle={IJCAI 2001 workshop on empirical methods in artificial intelligence},
  volume={3},
  number={22},
  pages={41--46},
  year={2001}
}
@inproceedings{lewis1998naive,
  title={Naive (Bayes) at forty: The independence assumption in information retrieval},
  author={Lewis, David D},
  booktitle={European conference on machine learning},
  pages={4--15},
  year={1998},
  organization={Springer}
}
@article{mukherjee2012intrusion,
  title={Intrusion detection using naive Bayes classifier with feature reduction},
  author={Mukherjee, Saurabh and Sharma, Neelam},
  journal={Procedia Technology},
  volume={4},
  pages={119--128},
  year={2012},
  publisher={Elsevier}
}